@article{lecun2006tutorial,
  title={A tutorial on energy-based learning},
  author={LeCun, Yann and Chopra, Sumit and Hadsell, Raia and Ranzato, M and Huang, F},
  journal={Predicting structured data},
  volume={1},
  number={0},
  year={2006}
}
@article{song2021train,
  title={How to train your energy-based models},
  author={Song, Yang and Kingma, Diederik P},
  journal={arXiv preprint arXiv:2101.03288},
  year={2021}
}
@article{xiao2022adaptive,
  title={Adaptive Multi-stage Density Ratio Estimation for Learning Latent Space Energy-based Model},
  author={Xiao, Zhisheng and Han, Tian},
  journal={arXiv preprint arXiv:2209.08739},
  year={2022}
}
@book{deeplearningbook,
  title={Deep learning},
  author={Goodfellow, Ian and Bengio, Yoshua and Courville, Aaron},
  year={2016},
  publisher={MIT press}
}
@article{hyvarinen2005estimation,
  title={Estimation of non-normalized statistical models by score matching.},
  author={Hyv{\"a}rinen, Aapo and Dayan, Peter},
  journal={Journal of Machine Learning Research},
  volume={6},
  number={4},
  year={2005}
}
@article{vincent2011connection,
  title={A connection between score matching and denoising autoencoders},
  author={Vincent, Pascal},
  journal={Neural computation},
  volume={23},
  number={7},
  pages={1661--1674},
  year={2011},
  publisher={MIT Press}
}
@article{CDhinton,
  title={Training products of experts by minimizing contrastive divergence},
  author={Hinton, Geoffrey E},
  journal={Neural computation},
  volume={14},
  number={8},
  pages={1771--1800},
  year={2002},
  publisher={MIT Press}
}
@article{improvedCD,
  title={Improved contrastive divergence training of energy based models},
  author={Du, Yilun and Li, Shuang and Tenenbaum, Joshua and Mordatch, Igor},
  journal={arXiv preprint arXiv:2012.01316},
  year={2020}
}
@article{hyvarinen2007connections,
  title={Connections between score matching, contrastive divergence, and pseudolikelihood for continuous-valued variables},
  author={Hyvarinen, Aapo},
  journal={IEEE Transactions on neural networks},
  volume={18},
  number={5},
  pages={1529--1531},
  year={2007},
  publisher={IEEE}
}