@inproceedings{liu2016kernelized,
  title={A kernelized Stein discrepancy for goodness-of-fit tests},
  author={Liu, Qiang and Lee, Jason and Jordan, Michael},
  booktitle={International conference on machine learning},
  pages={276--284},
  year={2016},
  organization={PMLR}
}
@misc{liu2016short,
  title={A short introduction to kernelized stein discrepancy},
  author={Liu, Qiang},
  year={2016}
}
@article{liu2016SVGD,
  title={Stein variational gradient descent: A general purpose bayesian inference algorithm},
  author={Liu, Qiang and Wang, Dilin},
  journal={Advances in neural information processing systems},
  volume={29},
  year={2016}
}
@article{sejdinovic2012rkhs,
  title={What is an RKHS?},
  author={Sejdinovic, Dino and Gretton, Arthur},
  journal={Lecture Notes},
  year={2012}
}